@inproceedings{Reynolds1983,
    title={Types, Abstraction and Parametric Polymorphism},
    author={John C. Reynolds},
    booktitle={IFIP Congress},
    year={1983}
}

@article{Shulman2018, 
    title={Brouwer’s fixed-point theorem in real-cohesive homotopy type theory}, 
    volume={28}, 
    DOI={10.1017/S0960129517000147}, 
    number={6}, 
    journal={Mathematical Structures in Computer Science}, 
    author={Shulman, Michael}, 
    year={2018}, 
    pages={856–941}
}

@inproceedings{Cavallo2020,
  title={Internal Parametricity for Cubical Type Theory},
  author={Evan Cavallo and Robert Harper},
  booktitle={Annual Conference for Computer Science Logic},
  year={2020},
}

@misc{kolomatskaia2024,
      title={Displayed Type Theory and Semi-Simplicial Types}, 
      author={Astra Kolomatskaia and Michael Shulman},
      year={2024},
      eprint={2311.18781},
      archivePrefix={arXiv},
      primaryClass={math.CT}
}

@article{LawvereCohesion,
    title={Axiomatic Cohesion},
    author={F. William Lawvere},
    year={2007},
    volume={19},
    number={3},
    pages={41-49},
    journal={Theory and Applications of Categories}
}

@article{LawvereGraph,
    title={Categories of spaces may not be generalized spaces as exemplified by directed graphs},
    author={F. William Lawvere},
    year={2005},
    number={9},
    pages={1-7},
    journal={Reprints in Theory and Applications of Categories}
}

@Book{hottbook,
  author =    {The {Univalent Foundations Program}},
  title =     {Homotopy Type Theory: Univalent Foundations of Mathematics},
  publisher = {\url{https://homotopytypetheory.org/book}},
  address =   {Institute for Advanced Study},
  year =      2013}

@article{Coquand2022,
   title={Canonicity and homotopy canonicity for cubical type theory},
   volume={Volume 18, Issue 1},
   ISSN={1860-5974},
   url={http://dx.doi.org/10.46298/lmcs-18(1:28)2022},
   DOI={10.46298/lmcs-18(1:28)2022},
   journal={Logical Methods in Computer Science},
   publisher={Centre pour la Communication Scientifique Directe (CCSD)},
   author={Coquand, Thierry and Huber, Simon and Sattler, Christian},
   year={2022},
   month=feb }

@article{ABCHFL, 
    title={Syntax and models of Cartesian cubical type theory}, 
    volume={31}, 
    DOI={10.1017/S0960129521000347}, 
    number={4}, 
    journal={Mathematical Structures in Computer Science}, 
    author={Angiuli, Carlo and Brunerie, Guillaume and Coquand, Thierry and Harper, Robert and Hou (Favonia), Kuen-Bang and Licata, Daniel R.}, 
    year={2021}, 
    pages={424–468}}

@article{CCHM,
  title={Cubical Type Theory: A Constructive Interpretation of the Univalence Axiom},
  author={Cyril Cohen and Thierry Coquand and Simon Huber and Anders M{\"o}rtberg},
  journal={FLAP},
  year={2015},
  volume={4},
  pages={3127-3170},
}

@InProceedings{Geuvers,
author="Geuvers, Herman",
editor="Abramsky, Samson",
title="Induction Is Not Derivable in Second Order Dependent Type Theory",
booktitle="Typed Lambda Calculi and Applications",
year="2001",
publisher="Springer Berlin Heidelberg",
address="Berlin, Heidelberg",
pages="166--181"
}

@inproceedings{Awodey2018, 
   series={LICS ’18},
   title={Impredicative Encodings of (Higher) Inductive Types},
   url={http://dx.doi.org/10.1145/3209108.3209130},
   DOI={10.1145/3209108.3209130},
   booktitle={Proceedings of the 33rd Annual ACM/IEEE Symposium on Logic in Computer Science},
   publisher={ACM},
   author={Awodey, Steve and Frey, Jonas and Speight, Sam},
   year={2018},
   month=jul, collection={LICS ’18} }

@phdthesis{SterlingThesis,
    title={First Steps in Synthetic Tait Computability: The Objective Metatheory of Cubical Type Theory},
    school={Carnegie Mellon University},
    author={Jonathan Sterling},
    year={2022},
    DOI={https://doi.org/10.1184/R1/19632681.v1}
}

@article{Sterling2021,
   title={Logical Relations as Types: Proof-Relevant Parametricity for Program Modules},
   volume={68},
   ISSN={1557-735X},
   url={http://dx.doi.org/10.1145/3474834},
   DOI={10.1145/3474834},
   number={6},
   journal={Journal of the ACM},
   publisher={Association for Computing Machinery (ACM)},
   author={Sterling, Jonathan and Harper, Robert},
   year={2021},
   month=oct, pages={1–47} }

@article{NDV,
author = {Nuyts, Andreas and Vezzosi, Andrea and Devriese, Dominique},
title = {Parametric quantifiers for dependent type theory},
year = {2017},
issue_date = {September 2017},
publisher = {Association for Computing Machinery},
address = {New York, NY, USA},
volume = {1},
number = {ICFP},
url = {https://doi.org/10.1145/3110276},
doi = {10.1145/3110276},
journal = {Proc. ACM Program. Lang.},
month = {aug},
articleno = {32},
numpages = {29}
}

@article{RiehlShulman,
    title={A Type Theory for Synthetic $\infty$-categories},
    author={Emily Riehl and Michael Shulman},
    year={2017},
    journal={Higher Structures},
    volume={1},
    number={1},
    pages={116-193}
}

@InProceedings{atkey,
  title = {Relational Parametricity for Higher Kinds},
  author = {Robert Atkey},
  year = {2012},
  doi = {10.4230/LIPIcs.CSL.2012.46},
  booktitle = {Computer Science Logic (CSL'12) - 26th International Workshop/21st Annual Conference of the EACSL},
  series = {Leibniz International Proceedings in Informatics (LIPIcs)},
  editor = {Patrick C\'{e}gielski and Arnaud Durand},
  pages = {46--61},
  volume = {16}}

@article{Bernardy2015,
title = {A Presheaf Model of Parametric Type Theory},
journal = {Electronic Notes in Theoretical Computer Science},
volume = {319},
pages = {67-82},
year = {2015},
note = {The 31st Conference on the Mathematical Foundations of Programming Semantics (MFPS XXXI).},
issn = {1571-0661},
doi = {https://doi.org/10.1016/j.entcs.2015.12.006},
url = {https://www.sciencedirect.com/science/article/pii/S1571066115000730},
author = {Jean-Philippe Bernardy and Thierry Coquand and Guilhem Moulin}
}

@inproceedings{Bernardy2012,
author = {Bernardy, Jean-Philippe and Moulin, Guilhem},
title = {A Computational Interpretation of Parametricity},
year = {2012},
isbn = {9780769547695},
publisher = {IEEE Computer Society},
address = {USA},
url = {https://doi.org/10.1109/LICS.2012.25},
doi = {10.1109/LICS.2012.25},
booktitle = {Proceedings of the 2012 27th Annual IEEE/ACM Symposium on Logic in Computer Science},
pages = {135–144},
numpages = {10},
keywords = {Lambda Calculus, Type structure},
location = {New Orleans, Louisiana},
series = {LICS '12}
}

@article{ACKS,
author = {Altenkirch, Thorsten and Chamoun, Yorgo and Kaposi, Ambrus and Shulman, Michael},
title = {Internal Parametricity, without an Interval},
year = {2024},
issue_date = {January 2024},
publisher = {Association for Computing Machinery},
address = {New York, NY, USA},
volume = {8},
number = {POPL},
url = {https://doi.org/10.1145/3632920},
doi = {10.1145/3632920},
journal = {Proc. ACM Program. Lang.},
month = {jan},
articleno = {78},
numpages = {30},
keywords = {gluing, homotopy type theory, logical relations, parametricity}
}